@article{demtroder2009experimentalphysik,
  title={Experimentalphysik 2: Elektrizit{\"a}t und Optik. 5., {\"u}berarb. und erw. Aufl.},
  author={Demtr{\"o}der, Wolfgang},
  journal={Au. Reihe: Springer-Lehrbuch Bandwerk Experimentalphysik},
  volume={2},
  year={2009}
  publisher={Springer DE}
}
@article{cassy2013manual,
  title={Handbuch CASSY Lab 2.},
  author={Hund, Michael},
  year={2013}
  publisher={LD DIDACTIC GmbH}
}